%YAML 1.1
%TAG !u! tag:unity3d.com,2011:
--- !u!1 &1413493816522833149
GameObject:
  m_ObjectHideFlags: 0
  m_CorrespondingSourceObject: {fileID: 0}
  m_PrefabInstance: {fileID: 0}
  m_PrefabAsset: {fileID: 0}
  serializedVersion: 6
  m_Component:
  - component: {fileID: 8026303267705519158}
  - component: {fileID: 7740721832273312530}
  - component: {fileID: 4281035627333621521}
  m_Layer: 0
  m_Name: Core
  m_TagString: Untagged
  m_Icon: {fileID: 0}
  m_NavMeshLayer: 0
  m_StaticEditorFlags: 0
  m_IsActive: 1
--- !u!4 &8026303267705519158
Transform:
  m_ObjectHideFlags: 0
  m_CorrespondingSourceObject: {fileID: 0}
  m_PrefabInstance: {fileID: 0}
  m_PrefabAsset: {fileID: 0}
  m_GameObject: {fileID: 1413493816522833149}
  m_LocalRotation: {x: -0.7071067, y: -0.000000030908616, z: 0.000000030908623, w: 0.7071068}
  m_LocalPosition: {x: -0, y: 0, z: 0}
  m_LocalScale: {x: 100, y: 100, z: 100}
  m_Children: []
  m_Father: {fileID: 7593666638380108955}
  m_RootOrder: 0
  m_LocalEulerAnglesHint: {x: 0, y: 0, z: 0}
--- !u!33 &7740721832273312530
MeshFilter:
  m_ObjectHideFlags: 0
  m_CorrespondingSourceObject: {fileID: 0}
  m_PrefabInstance: {fileID: 0}
  m_PrefabAsset: {fileID: 0}
  m_GameObject: {fileID: 1413493816522833149}
  m_Mesh: {fileID: -5293335269154574413, guid: 920bba8c180672949815d6bea47a6554, type: 3}
--- !u!23 &4281035627333621521
MeshRenderer:
  m_ObjectHideFlags: 0
  m_CorrespondingSourceObject: {fileID: 0}
  m_PrefabInstance: {fileID: 0}
  m_PrefabAsset: {fileID: 0}
  m_GameObject: {fileID: 1413493816522833149}
  m_Enabled: 1
  m_CastShadows: 1
  m_ReceiveShadows: 1
  m_DynamicOccludee: 1
  m_MotionVectors: 1
  m_LightProbeUsage: 1
  m_ReflectionProbeUsage: 1
  m_RayTracingMode: 2
  m_RayTraceProcedural: 0
  m_RenderingLayerMask: 1
  m_RendererPriority: 0
  m_Materials:
  - {fileID: 2100000, guid: 7416f78d090fabc428edabe941e5f822, type: 2}
  m_StaticBatchInfo:
    firstSubMesh: 0
    subMeshCount: 0
  m_StaticBatchRoot: {fileID: 0}
  m_ProbeAnchor: {fileID: 0}
  m_LightProbeVolumeOverride: {fileID: 0}
  m_ScaleInLightmap: 1
  m_ReceiveGI: 1
  m_PreserveUVs: 0
  m_IgnoreNormalsForChartDetection: 0
  m_ImportantGI: 0
  m_StitchLightmapSeams: 1
  m_SelectedEditorRenderState: 3
  m_MinimumChartSize: 4
  m_AutoUVMaxDistance: 0.5
  m_AutoUVMaxAngle: 89
  m_LightmapParameters: {fileID: 0}
  m_SortingLayerID: 0
  m_SortingLayer: 0
  m_SortingOrder: 0
  m_AdditionalVertexStreams: {fileID: 0}
--- !u!1 &7073412561429976609
GameObject:
  m_ObjectHideFlags: 0
  m_CorrespondingSourceObject: {fileID: 0}
  m_PrefabInstance: {fileID: 0}
  m_PrefabAsset: {fileID: 0}
  serializedVersion: 6
  m_Component:
  - component: {fileID: 7593666638380108955}
  m_Layer: 0
  m_Name: Anchor Blueprint
  m_TagString: Untagged
  m_Icon: {fileID: 0}
  m_NavMeshLayer: 0
  m_StaticEditorFlags: 0
  m_IsActive: 1
--- !u!4 &7593666638380108955
Transform:
  m_ObjectHideFlags: 0
  m_CorrespondingSourceObject: {fileID: 0}
  m_PrefabInstance: {fileID: 0}
  m_PrefabAsset: {fileID: 0}
  m_GameObject: {fileID: 7073412561429976609}
  m_LocalRotation: {x: 0, y: 0, z: 0, w: 1}
  m_LocalPosition: {x: 0, y: 0, z: 0}
  m_LocalScale: {x: 1, y: 1, z: 1}
  m_Children:
  - {fileID: 8026303267705519158}
  - {fileID: 3584859684752295453}
  - {fileID: 5030000989367887979}
  - {fileID: 1564468810958710574}
  - {fileID: 1564468811744905650}
  - {fileID: 1564468811383807813}
  - {fileID: 1564468810860577355}
  - {fileID: 1564468810690928681}
  - {fileID: 1564468812057537778}
  - {fileID: 1564468810021127341}
  - {fileID: 6493304410149358873}
  - {fileID: 6493304410607745943}
  - {fileID: 6493304409787369633}
  - {fileID: 6493304410828575931}
  - {fileID: 6493304411087818251}
  - {fileID: 6493304410995130193}
  - {fileID: 6493304409208676897}
  - {fileID: 6493304410991293772}
  m_Father: {fileID: 0}
  m_RootOrder: 0
  m_LocalEulerAnglesHint: {x: 0, y: 0, z: 0}
--- !u!1 &7705794223836923302
GameObject:
  m_ObjectHideFlags: 0
  m_CorrespondingSourceObject: {fileID: 0}
  m_PrefabInstance: {fileID: 0}
  m_PrefabAsset: {fileID: 0}
  serializedVersion: 6
  m_Component:
  - component: {fileID: 3584859684752295453}
  - component: {fileID: 1947537310580243234}
  - component: {fileID: 177608580350736288}
  m_Layer: 0
  m_Name: Shell
  m_TagString: Untagged
  m_Icon: {fileID: 0}
  m_NavMeshLayer: 0
  m_StaticEditorFlags: 0
  m_IsActive: 0
--- !u!4 &3584859684752295453
Transform:
  m_ObjectHideFlags: 0
  m_CorrespondingSourceObject: {fileID: 0}
  m_PrefabInstance: {fileID: 0}
  m_PrefabAsset: {fileID: 0}
  m_GameObject: {fileID: 7705794223836923302}
  m_LocalRotation: {x: -0.7071067, y: -0.000000030908616, z: 0.000000030908623, w: 0.7071068}
  m_LocalPosition: {x: -0, y: 0, z: 0}
  m_LocalScale: {x: 100, y: 100, z: 100}
  m_Children: []
  m_Father: {fileID: 7593666638380108955}
  m_RootOrder: 1
  m_LocalEulerAnglesHint: {x: 0, y: 0, z: 0}
--- !u!33 &1947537310580243234
MeshFilter:
  m_ObjectHideFlags: 0
  m_CorrespondingSourceObject: {fileID: 0}
  m_PrefabInstance: {fileID: 0}
  m_PrefabAsset: {fileID: 0}
  m_GameObject: {fileID: 7705794223836923302}
  m_Mesh: {fileID: -4974468161004867859, guid: 920bba8c180672949815d6bea47a6554, type: 3}
--- !u!23 &177608580350736288
MeshRenderer:
  m_ObjectHideFlags: 0
  m_CorrespondingSourceObject: {fileID: 0}
  m_PrefabInstance: {fileID: 0}
  m_PrefabAsset: {fileID: 0}
  m_GameObject: {fileID: 7705794223836923302}
  m_Enabled: 1
  m_CastShadows: 1
  m_ReceiveShadows: 1
  m_DynamicOccludee: 1
  m_MotionVectors: 1
  m_LightProbeUsage: 1
  m_ReflectionProbeUsage: 1
  m_RayTracingMode: 2
  m_RayTraceProcedural: 0
  m_RenderingLayerMask: 1
  m_RendererPriority: 0
  m_Materials:
  - {fileID: 670224309865224971, guid: 920bba8c180672949815d6bea47a6554, type: 3}
  m_StaticBatchInfo:
    firstSubMesh: 0
    subMeshCount: 0
  m_StaticBatchRoot: {fileID: 0}
  m_ProbeAnchor: {fileID: 0}
  m_LightProbeVolumeOverride: {fileID: 0}
  m_ScaleInLightmap: 1
  m_ReceiveGI: 1
  m_PreserveUVs: 0
  m_IgnoreNormalsForChartDetection: 0
  m_ImportantGI: 0
  m_StitchLightmapSeams: 1
  m_SelectedEditorRenderState: 3
  m_MinimumChartSize: 4
  m_AutoUVMaxDistance: 0.5
  m_AutoUVMaxAngle: 89
  m_LightmapParameters: {fileID: 0}
  m_SortingLayerID: 0
  m_SortingLayer: 0
  m_SortingOrder: 0
  m_AdditionalVertexStreams: {fileID: 0}
--- !u!1001 &1491738248003709040
PrefabInstance:
  m_ObjectHideFlags: 0
  serializedVersion: 2
  m_Modification:
    m_TransformParent: {fileID: 7593666638380108955}
    m_Modifications:
    - target: {fileID: 5872024550371033115, guid: 1d58504c341228a46a8b8391be8b0121, type: 3}
      propertyPath: m_RootOrder
      value: 2
      objectReference: {fileID: 0}
    - target: {fileID: 5872024550371033115, guid: 1d58504c341228a46a8b8391be8b0121, type: 3}
      propertyPath: m_LocalPosition.x
      value: 0
      objectReference: {fileID: 0}
    - target: {fileID: 5872024550371033115, guid: 1d58504c341228a46a8b8391be8b0121, type: 3}
      propertyPath: m_LocalPosition.y
      value: 0
      objectReference: {fileID: 0}
    - target: {fileID: 5872024550371033115, guid: 1d58504c341228a46a8b8391be8b0121, type: 3}
      propertyPath: m_LocalPosition.z
      value: 0
      objectReference: {fileID: 0}
    - target: {fileID: 5872024550371033115, guid: 1d58504c341228a46a8b8391be8b0121, type: 3}
      propertyPath: m_LocalRotation.w
      value: 0.54097456
      objectReference: {fileID: 0}
    - target: {fileID: 5872024550371033115, guid: 1d58504c341228a46a8b8391be8b0121, type: 3}
      propertyPath: m_LocalRotation.x
      value: 0
      objectReference: {fileID: 0}
    - target: {fileID: 5872024550371033115, guid: 1d58504c341228a46a8b8391be8b0121, type: 3}
      propertyPath: m_LocalRotation.y
      value: 0.841039
      objectReference: {fileID: 0}
    - target: {fileID: 5872024550371033115, guid: 1d58504c341228a46a8b8391be8b0121, type: 3}
      propertyPath: m_LocalRotation.z
      value: 0
      objectReference: {fileID: 0}
    - target: {fileID: 5872024550371033115, guid: 1d58504c341228a46a8b8391be8b0121, type: 3}
      propertyPath: m_LocalEulerAnglesHint.x
      value: 0
      objectReference: {fileID: 0}
    - target: {fileID: 5872024550371033115, guid: 1d58504c341228a46a8b8391be8b0121, type: 3}
      propertyPath: m_LocalEulerAnglesHint.y
      value: 114.5
      objectReference: {fileID: 0}
    - target: {fileID: 5872024550371033115, guid: 1d58504c341228a46a8b8391be8b0121, type: 3}
      propertyPath: m_LocalEulerAnglesHint.z
      value: 0
      objectReference: {fileID: 0}
    - target: {fileID: 9034703154372829671, guid: 1d58504c341228a46a8b8391be8b0121, type: 3}
      propertyPath: m_Name
      value: Shell Upper (1)
      objectReference: {fileID: 0}
    m_RemovedComponents: []
  m_SourcePrefab: {fileID: 100100000, guid: 1d58504c341228a46a8b8391be8b0121, type: 3}
--- !u!4 &5030000989367887979 stripped
Transform:
  m_CorrespondingSourceObject: {fileID: 5872024550371033115, guid: 1d58504c341228a46a8b8391be8b0121, type: 3}
  m_PrefabInstance: {fileID: 1491738248003709040}
  m_PrefabAsset: {fileID: 0}
--- !u!1001 &4957200054953911474
PrefabInstance:
  m_ObjectHideFlags: 0
  serializedVersion: 2
  m_Modification:
    m_TransformParent: {fileID: 7593666638380108955}
    m_Modifications:
    - target: {fileID: 2222344837633397246, guid: 87ed7475745ceeb45ba209d621135a32, type: 3}
      propertyPath: m_RootOrder
      value: 17
      objectReference: {fileID: 0}
    - target: {fileID: 2222344837633397246, guid: 87ed7475745ceeb45ba209d621135a32, type: 3}
      propertyPath: m_LocalPosition.x
      value: 0
      objectReference: {fileID: 0}
    - target: {fileID: 2222344837633397246, guid: 87ed7475745ceeb45ba209d621135a32, type: 3}
      propertyPath: m_LocalPosition.y
      value: 0
      objectReference: {fileID: 0}
    - target: {fileID: 2222344837633397246, guid: 87ed7475745ceeb45ba209d621135a32, type: 3}
      propertyPath: m_LocalPosition.z
      value: 0
      objectReference: {fileID: 0}
    - target: {fileID: 2222344837633397246, guid: 87ed7475745ceeb45ba209d621135a32, type: 3}
      propertyPath: m_LocalRotation.w
      value: 0.54097456
      objectReference: {fileID: 0}
    - target: {fileID: 2222344837633397246, guid: 87ed7475745ceeb45ba209d621135a32, type: 3}
      propertyPath: m_LocalRotation.x
      value: 0
      objectReference: {fileID: 0}
    - target: {fileID: 2222344837633397246, guid: 87ed7475745ceeb45ba209d621135a32, type: 3}
      propertyPath: m_LocalRotation.y
      value: -0.841039
      objectReference: {fileID: 0}
    - target: {fileID: 2222344837633397246, guid: 87ed7475745ceeb45ba209d621135a32, type: 3}
      propertyPath: m_LocalRotation.z
      value: 0
      objectReference: {fileID: 0}
    - target: {fileID: 2222344837633397246, guid: 87ed7475745ceeb45ba209d621135a32, type: 3}
      propertyPath: m_LocalEulerAnglesHint.x
      value: 0
      objectReference: {fileID: 0}
    - target: {fileID: 2222344837633397246, guid: 87ed7475745ceeb45ba209d621135a32, type: 3}
      propertyPath: m_LocalEulerAnglesHint.y
      value: -114.5
      objectReference: {fileID: 0}
    - target: {fileID: 2222344837633397246, guid: 87ed7475745ceeb45ba209d621135a32, type: 3}
      propertyPath: m_LocalEulerAnglesHint.z
      value: 0
      objectReference: {fileID: 0}
    - target: {fileID: 3660145891581145090, guid: 87ed7475745ceeb45ba209d621135a32, type: 3}
      propertyPath: m_Name
      value: Shell Lower (8)
      objectReference: {fileID: 0}
    m_RemovedComponents: []
  m_SourcePrefab: {fileID: 100100000, guid: 87ed7475745ceeb45ba209d621135a32, type: 3}
--- !u!4 &6493304410991293772 stripped
Transform:
  m_CorrespondingSourceObject: {fileID: 2222344837633397246, guid: 87ed7475745ceeb45ba209d621135a32, type: 3}
  m_PrefabInstance: {fileID: 4957200054953911474}
  m_PrefabAsset: {fileID: 0}
--- !u!1001 &4957200054958468783
PrefabInstance:
  m_ObjectHideFlags: 0
  serializedVersion: 2
  m_Modification:
    m_TransformParent: {fileID: 7593666638380108955}
    m_Modifications:
    - target: {fileID: 2222344837633397246, guid: 87ed7475745ceeb45ba209d621135a32, type: 3}
      propertyPath: m_RootOrder
      value: 15
      objectReference: {fileID: 0}
    - target: {fileID: 2222344837633397246, guid: 87ed7475745ceeb45ba209d621135a32, type: 3}
      propertyPath: m_LocalPosition.x
      value: 0
      objectReference: {fileID: 0}
    - target: {fileID: 2222344837633397246, guid: 87ed7475745ceeb45ba209d621135a32, type: 3}
      propertyPath: m_LocalPosition.y
      value: 0
      objectReference: {fileID: 0}
    - target: {fileID: 2222344837633397246, guid: 87ed7475745ceeb45ba209d621135a32, type: 3}
      propertyPath: m_LocalPosition.z
      value: 0
      objectReference: {fileID: 0}
    - target: {fileID: 2222344837633397246, guid: 87ed7475745ceeb45ba209d621135a32, type: 3}
      propertyPath: m_LocalRotation.w
      value: 0.90959907
      objectReference: {fileID: 0}
    - target: {fileID: 2222344837633397246, guid: 87ed7475745ceeb45ba209d621135a32, type: 3}
      propertyPath: m_LocalRotation.x
      value: 0
      objectReference: {fileID: 0}
    - target: {fileID: 2222344837633397246, guid: 87ed7475745ceeb45ba209d621135a32, type: 3}
      propertyPath: m_LocalRotation.y
      value: -0.41548717
      objectReference: {fileID: 0}
    - target: {fileID: 2222344837633397246, guid: 87ed7475745ceeb45ba209d621135a32, type: 3}
      propertyPath: m_LocalRotation.z
      value: 0
      objectReference: {fileID: 0}
    - target: {fileID: 2222344837633397246, guid: 87ed7475745ceeb45ba209d621135a32, type: 3}
      propertyPath: m_LocalEulerAnglesHint.x
      value: 0
      objectReference: {fileID: 0}
    - target: {fileID: 2222344837633397246, guid: 87ed7475745ceeb45ba209d621135a32, type: 3}
      propertyPath: m_LocalEulerAnglesHint.y
      value: -49.1
      objectReference: {fileID: 0}
    - target: {fileID: 2222344837633397246, guid: 87ed7475745ceeb45ba209d621135a32, type: 3}
      propertyPath: m_LocalEulerAnglesHint.z
      value: 0
      objectReference: {fileID: 0}
    - target: {fileID: 3660145891581145090, guid: 87ed7475745ceeb45ba209d621135a32, type: 3}
      propertyPath: m_Name
      value: Shell Lower (6)
      objectReference: {fileID: 0}
    m_RemovedComponents: []
  m_SourcePrefab: {fileID: 100100000, guid: 87ed7475745ceeb45ba209d621135a32, type: 3}
--- !u!4 &6493304410995130193 stripped
Transform:
  m_CorrespondingSourceObject: {fileID: 2222344837633397246, guid: 87ed7475745ceeb45ba209d621135a32, type: 3}
  m_PrefabInstance: {fileID: 4957200054958468783}
  m_PrefabAsset: {fileID: 0}
--- !u!1001 &4957200055134199797
PrefabInstance:
  m_ObjectHideFlags: 0
  serializedVersion: 2
  m_Modification:
    m_TransformParent: {fileID: 7593666638380108955}
    m_Modifications:
    - target: {fileID: 2222344837633397246, guid: 87ed7475745ceeb45ba209d621135a32, type: 3}
      propertyPath: m_RootOrder
      value: 14
      objectReference: {fileID: 0}
    - target: {fileID: 2222344837633397246, guid: 87ed7475745ceeb45ba209d621135a32, type: 3}
      propertyPath: m_LocalPosition.x
      value: 0
      objectReference: {fileID: 0}
    - target: {fileID: 2222344837633397246, guid: 87ed7475745ceeb45ba209d621135a32, type: 3}
      propertyPath: m_LocalPosition.y
      value: 0
      objectReference: {fileID: 0}
    - target: {fileID: 2222344837633397246, guid: 87ed7475745ceeb45ba209d621135a32, type: 3}
      propertyPath: m_LocalPosition.z
      value: 0
      objectReference: {fileID: 0}
    - target: {fileID: 2222344837633397246, guid: 87ed7475745ceeb45ba209d621135a32, type: 3}
      propertyPath: m_LocalRotation.w
      value: 0.98985946
      objectReference: {fileID: 0}
    - target: {fileID: 2222344837633397246, guid: 87ed7475745ceeb45ba209d621135a32, type: 3}
      propertyPath: m_LocalRotation.x
      value: 0
      objectReference: {fileID: 0}
    - target: {fileID: 2222344837633397246, guid: 87ed7475745ceeb45ba209d621135a32, type: 3}
      propertyPath: m_LocalRotation.y
      value: -0.14205022
      objectReference: {fileID: 0}
    - target: {fileID: 2222344837633397246, guid: 87ed7475745ceeb45ba209d621135a32, type: 3}
      propertyPath: m_LocalRotation.z
      value: 0
      objectReference: {fileID: 0}
    - target: {fileID: 2222344837633397246, guid: 87ed7475745ceeb45ba209d621135a32, type: 3}
      propertyPath: m_LocalEulerAnglesHint.x
      value: 0
      objectReference: {fileID: 0}
    - target: {fileID: 2222344837633397246, guid: 87ed7475745ceeb45ba209d621135a32, type: 3}
      propertyPath: m_LocalEulerAnglesHint.y
      value: -16.333
      objectReference: {fileID: 0}
    - target: {fileID: 2222344837633397246, guid: 87ed7475745ceeb45ba209d621135a32, type: 3}
      propertyPath: m_LocalEulerAnglesHint.z
      value: 0
      objectReference: {fileID: 0}
    - target: {fileID: 3660145891581145090, guid: 87ed7475745ceeb45ba209d621135a32, type: 3}
      propertyPath: m_Name
      value: Shell Lower (5)
      objectReference: {fileID: 0}
    m_RemovedComponents: []
  m_SourcePrefab: {fileID: 100100000, guid: 87ed7475745ceeb45ba209d621135a32, type: 3}
--- !u!4 &6493304411087818251 stripped
Transform:
  m_CorrespondingSourceObject: {fileID: 2222344837633397246, guid: 87ed7475745ceeb45ba209d621135a32, type: 3}
  m_PrefabInstance: {fileID: 4957200055134199797}
  m_PrefabAsset: {fileID: 0}
--- !u!1001 &4957200055393174710
PrefabInstance:
  m_ObjectHideFlags: 0
  serializedVersion: 2
  m_Modification:
    m_TransformParent: {fileID: 7593666638380108955}
    m_Modifications:
    - target: {fileID: 5872024550371033115, guid: 1d58504c341228a46a8b8391be8b0121, type: 3}
      propertyPath: m_RootOrder
      value: 9
      objectReference: {fileID: 0}
    - target: {fileID: 5872024550371033115, guid: 1d58504c341228a46a8b8391be8b0121, type: 3}
      propertyPath: m_LocalPosition.x
      value: 0
      objectReference: {fileID: 0}
    - target: {fileID: 5872024550371033115, guid: 1d58504c341228a46a8b8391be8b0121, type: 3}
      propertyPath: m_LocalPosition.y
      value: 0
      objectReference: {fileID: 0}
    - target: {fileID: 5872024550371033115, guid: 1d58504c341228a46a8b8391be8b0121, type: 3}
      propertyPath: m_LocalPosition.z
      value: 0
      objectReference: {fileID: 0}
    - target: {fileID: 5872024550371033115, guid: 1d58504c341228a46a8b8391be8b0121, type: 3}
      propertyPath: m_LocalRotation.w
      value: 0.54097456
      objectReference: {fileID: 0}
    - target: {fileID: 5872024550371033115, guid: 1d58504c341228a46a8b8391be8b0121, type: 3}
      propertyPath: m_LocalRotation.x
      value: 0
      objectReference: {fileID: 0}
    - target: {fileID: 5872024550371033115, guid: 1d58504c341228a46a8b8391be8b0121, type: 3}
      propertyPath: m_LocalRotation.y
      value: -0.841039
      objectReference: {fileID: 0}
    - target: {fileID: 5872024550371033115, guid: 1d58504c341228a46a8b8391be8b0121, type: 3}
      propertyPath: m_LocalRotation.z
      value: 0
      objectReference: {fileID: 0}
    - target: {fileID: 5872024550371033115, guid: 1d58504c341228a46a8b8391be8b0121, type: 3}
      propertyPath: m_LocalEulerAnglesHint.x
      value: 0
      objectReference: {fileID: 0}
    - target: {fileID: 5872024550371033115, guid: 1d58504c341228a46a8b8391be8b0121, type: 3}
      propertyPath: m_LocalEulerAnglesHint.y
      value: -114.5
      objectReference: {fileID: 0}
    - target: {fileID: 5872024550371033115, guid: 1d58504c341228a46a8b8391be8b0121, type: 3}
      propertyPath: m_LocalEulerAnglesHint.z
      value: 0
      objectReference: {fileID: 0}
    - target: {fileID: 9034703154372829671, guid: 1d58504c341228a46a8b8391be8b0121, type: 3}
      propertyPath: m_Name
      value: Shell Upper (8)
      objectReference: {fileID: 0}
    m_RemovedComponents: []
  m_SourcePrefab: {fileID: 100100000, guid: 1d58504c341228a46a8b8391be8b0121, type: 3}
--- !u!4 &1564468810021127341 stripped
Transform:
  m_CorrespondingSourceObject: {fileID: 5872024550371033115, guid: 1d58504c341228a46a8b8391be8b0121, type: 3}
  m_PrefabInstance: {fileID: 4957200055393174710}
  m_PrefabAsset: {fileID: 0}
--- !u!1001 &4957200055395534149
PrefabInstance:
  m_ObjectHideFlags: 0
  serializedVersion: 2
  m_Modification:
    m_TransformParent: {fileID: 7593666638380108955}
    m_Modifications:
    - target: {fileID: 2222344837633397246, guid: 87ed7475745ceeb45ba209d621135a32, type: 3}
      propertyPath: m_RootOrder
      value: 13
      objectReference: {fileID: 0}
    - target: {fileID: 2222344837633397246, guid: 87ed7475745ceeb45ba209d621135a32, type: 3}
      propertyPath: m_LocalPosition.x
      value: 0
      objectReference: {fileID: 0}
    - target: {fileID: 2222344837633397246, guid: 87ed7475745ceeb45ba209d621135a32, type: 3}
      propertyPath: m_LocalPosition.y
      value: 0
      objectReference: {fileID: 0}
    - target: {fileID: 2222344837633397246, guid: 87ed7475745ceeb45ba209d621135a32, type: 3}
      propertyPath: m_LocalPosition.z
      value: 0
      objectReference: {fileID: 0}
    - target: {fileID: 2222344837633397246, guid: 87ed7475745ceeb45ba209d621135a32, type: 3}
      propertyPath: m_LocalRotation.w
      value: 0.98985946
      objectReference: {fileID: 0}
    - target: {fileID: 2222344837633397246, guid: 87ed7475745ceeb45ba209d621135a32, type: 3}
      propertyPath: m_LocalRotation.x
      value: 0
      objectReference: {fileID: 0}
    - target: {fileID: 2222344837633397246, guid: 87ed7475745ceeb45ba209d621135a32, type: 3}
      propertyPath: m_LocalRotation.y
      value: 0.14205022
      objectReference: {fileID: 0}
    - target: {fileID: 2222344837633397246, guid: 87ed7475745ceeb45ba209d621135a32, type: 3}
      propertyPath: m_LocalRotation.z
      value: 0
      objectReference: {fileID: 0}
    - target: {fileID: 2222344837633397246, guid: 87ed7475745ceeb45ba209d621135a32, type: 3}
      propertyPath: m_LocalEulerAnglesHint.x
      value: 0
      objectReference: {fileID: 0}
    - target: {fileID: 2222344837633397246, guid: 87ed7475745ceeb45ba209d621135a32, type: 3}
      propertyPath: m_LocalEulerAnglesHint.y
      value: 16.333
      objectReference: {fileID: 0}
    - target: {fileID: 2222344837633397246, guid: 87ed7475745ceeb45ba209d621135a32, type: 3}
      propertyPath: m_LocalEulerAnglesHint.z
      value: 0
      objectReference: {fileID: 0}
    - target: {fileID: 3660145891581145090, guid: 87ed7475745ceeb45ba209d621135a32, type: 3}
      propertyPath: m_Name
      value: Shell Lower (4)
      objectReference: {fileID: 0}
    m_RemovedComponents: []
  m_SourcePrefab: {fileID: 100100000, guid: 87ed7475745ceeb45ba209d621135a32, type: 3}
--- !u!4 &6493304410828575931 stripped
Transform:
  m_CorrespondingSourceObject: {fileID: 2222344837633397246, guid: 87ed7475745ceeb45ba209d621135a32, type: 3}
  m_PrefabInstance: {fileID: 4957200055395534149}
  m_PrefabAsset: {fileID: 0}
--- !u!1001 &4957200055529514805
PrefabInstance:
  m_ObjectHideFlags: 0
  serializedVersion: 2
  m_Modification:
    m_TransformParent: {fileID: 7593666638380108955}
    m_Modifications:
    - target: {fileID: 5872024550371033115, guid: 1d58504c341228a46a8b8391be8b0121, type: 3}
      propertyPath: m_RootOrder
      value: 3
      objectReference: {fileID: 0}
    - target: {fileID: 5872024550371033115, guid: 1d58504c341228a46a8b8391be8b0121, type: 3}
      propertyPath: m_LocalPosition.x
      value: 0
      objectReference: {fileID: 0}
    - target: {fileID: 5872024550371033115, guid: 1d58504c341228a46a8b8391be8b0121, type: 3}
      propertyPath: m_LocalPosition.y
      value: 0
      objectReference: {fileID: 0}
    - target: {fileID: 5872024550371033115, guid: 1d58504c341228a46a8b8391be8b0121, type: 3}
      propertyPath: m_LocalPosition.z
      value: 0
      objectReference: {fileID: 0}
    - target: {fileID: 5872024550371033115, guid: 1d58504c341228a46a8b8391be8b0121, type: 3}
      propertyPath: m_LocalRotation.w
      value: 0.7558535
      objectReference: {fileID: 0}
    - target: {fileID: 5872024550371033115, guid: 1d58504c341228a46a8b8391be8b0121, type: 3}
      propertyPath: m_LocalRotation.x
      value: 0
      objectReference: {fileID: 0}
    - target: {fileID: 5872024550371033115, guid: 1d58504c341228a46a8b8391be8b0121, type: 3}
      propertyPath: m_LocalRotation.y
      value: 0.65474087
      objectReference: {fileID: 0}
    - target: {fileID: 5872024550371033115, guid: 1d58504c341228a46a8b8391be8b0121, type: 3}
      propertyPath: m_LocalRotation.z
      value: 0
      objectReference: {fileID: 0}
    - target: {fileID: 5872024550371033115, guid: 1d58504c341228a46a8b8391be8b0121, type: 3}
      propertyPath: m_LocalEulerAnglesHint.x
      value: 0
      objectReference: {fileID: 0}
    - target: {fileID: 5872024550371033115, guid: 1d58504c341228a46a8b8391be8b0121, type: 3}
      propertyPath: m_LocalEulerAnglesHint.y
      value: 81.8
      objectReference: {fileID: 0}
    - target: {fileID: 5872024550371033115, guid: 1d58504c341228a46a8b8391be8b0121, type: 3}
      propertyPath: m_LocalEulerAnglesHint.z
      value: 0
      objectReference: {fileID: 0}
    - target: {fileID: 9034703154372829671, guid: 1d58504c341228a46a8b8391be8b0121, type: 3}
      propertyPath: m_Name
      value: Shell Upper (2)
      objectReference: {fileID: 0}
    m_RemovedComponents: []
  m_SourcePrefab: {fileID: 100100000, guid: 1d58504c341228a46a8b8391be8b0121, type: 3}
--- !u!4 &1564468810958710574 stripped
Transform:
  m_CorrespondingSourceObject: {fileID: 5872024550371033115, guid: 1d58504c341228a46a8b8391be8b0121, type: 3}
  m_PrefabInstance: {fileID: 4957200055529514805}
  m_PrefabAsset: {fileID: 0}
--- !u!1001 &4957200055568745040
PrefabInstance:
  m_ObjectHideFlags: 0
  serializedVersion: 2
  m_Modification:
    m_TransformParent: {fileID: 7593666638380108955}
    m_Modifications:
    - target: {fileID: 5872024550371033115, guid: 1d58504c341228a46a8b8391be8b0121, type: 3}
      propertyPath: m_RootOrder
      value: 6
      objectReference: {fileID: 0}
    - target: {fileID: 5872024550371033115, guid: 1d58504c341228a46a8b8391be8b0121, type: 3}
      propertyPath: m_LocalPosition.x
      value: 0
      objectReference: {fileID: 0}
    - target: {fileID: 5872024550371033115, guid: 1d58504c341228a46a8b8391be8b0121, type: 3}
      propertyPath: m_LocalPosition.y
      value: 0
      objectReference: {fileID: 0}
    - target: {fileID: 5872024550371033115, guid: 1d58504c341228a46a8b8391be8b0121, type: 3}
      propertyPath: m_LocalPosition.z
      value: 0
      objectReference: {fileID: 0}
    - target: {fileID: 5872024550371033115, guid: 1d58504c341228a46a8b8391be8b0121, type: 3}
      propertyPath: m_LocalRotation.w
      value: 0.98985946
      objectReference: {fileID: 0}
    - target: {fileID: 5872024550371033115, guid: 1d58504c341228a46a8b8391be8b0121, type: 3}
      propertyPath: m_LocalRotation.x
      value: 0
      objectReference: {fileID: 0}
    - target: {fileID: 5872024550371033115, guid: 1d58504c341228a46a8b8391be8b0121, type: 3}
      propertyPath: m_LocalRotation.y
      value: -0.14205022
      objectReference: {fileID: 0}
    - target: {fileID: 5872024550371033115, guid: 1d58504c341228a46a8b8391be8b0121, type: 3}
      propertyPath: m_LocalRotation.z
      value: 0
      objectReference: {fileID: 0}
    - target: {fileID: 5872024550371033115, guid: 1d58504c341228a46a8b8391be8b0121, type: 3}
      propertyPath: m_LocalEulerAnglesHint.x
      value: 0
      objectReference: {fileID: 0}
    - target: {fileID: 5872024550371033115, guid: 1d58504c341228a46a8b8391be8b0121, type: 3}
      propertyPath: m_LocalEulerAnglesHint.y
      value: -16.333
      objectReference: {fileID: 0}
    - target: {fileID: 5872024550371033115, guid: 1d58504c341228a46a8b8391be8b0121, type: 3}
      propertyPath: m_LocalEulerAnglesHint.z
      value: 0
      objectReference: {fileID: 0}
    - target: {fileID: 9034703154372829671, guid: 1d58504c341228a46a8b8391be8b0121, type: 3}
      propertyPath: m_Name
      value: Shell Upper (5)
      objectReference: {fileID: 0}
    m_RemovedComponents: []
  m_SourcePrefab: {fileID: 100100000, guid: 1d58504c341228a46a8b8391be8b0121, type: 3}
--- !u!4 &1564468810860577355 stripped
Transform:
  m_CorrespondingSourceObject: {fileID: 5872024550371033115, guid: 1d58504c341228a46a8b8391be8b0121, type: 3}
  m_PrefabInstance: {fileID: 4957200055568745040}
  m_PrefabAsset: {fileID: 0}
--- !u!1001 &4957200055612189289
PrefabInstance:
  m_ObjectHideFlags: 0
  serializedVersion: 2
  m_Modification:
    m_TransformParent: {fileID: 7593666638380108955}
    m_Modifications:
    - target: {fileID: 2222344837633397246, guid: 87ed7475745ceeb45ba209d621135a32, type: 3}
      propertyPath: m_RootOrder
      value: 11
      objectReference: {fileID: 0}
    - target: {fileID: 2222344837633397246, guid: 87ed7475745ceeb45ba209d621135a32, type: 3}
      propertyPath: m_LocalPosition.x
      value: 0
      objectReference: {fileID: 0}
    - target: {fileID: 2222344837633397246, guid: 87ed7475745ceeb45ba209d621135a32, type: 3}
      propertyPath: m_LocalPosition.y
      value: 0
      objectReference: {fileID: 0}
    - target: {fileID: 2222344837633397246, guid: 87ed7475745ceeb45ba209d621135a32, type: 3}
      propertyPath: m_LocalPosition.z
      value: 0
      objectReference: {fileID: 0}
    - target: {fileID: 2222344837633397246, guid: 87ed7475745ceeb45ba209d621135a32, type: 3}
      propertyPath: m_LocalRotation.w
      value: 0.7558535
      objectReference: {fileID: 0}
    - target: {fileID: 2222344837633397246, guid: 87ed7475745ceeb45ba209d621135a32, type: 3}
      propertyPath: m_LocalRotation.x
      value: 0
      objectReference: {fileID: 0}
    - target: {fileID: 2222344837633397246, guid: 87ed7475745ceeb45ba209d621135a32, type: 3}
      propertyPath: m_LocalRotation.y
      value: 0.65474087
      objectReference: {fileID: 0}
    - target: {fileID: 2222344837633397246, guid: 87ed7475745ceeb45ba209d621135a32, type: 3}
      propertyPath: m_LocalRotation.z
      value: 0
      objectReference: {fileID: 0}
    - target: {fileID: 2222344837633397246, guid: 87ed7475745ceeb45ba209d621135a32, type: 3}
      propertyPath: m_LocalEulerAnglesHint.x
      value: 0
      objectReference: {fileID: 0}
    - target: {fileID: 2222344837633397246, guid: 87ed7475745ceeb45ba209d621135a32, type: 3}
      propertyPath: m_LocalEulerAnglesHint.y
      value: 81.8
      objectReference: {fileID: 0}
    - target: {fileID: 2222344837633397246, guid: 87ed7475745ceeb45ba209d621135a32, type: 3}
      propertyPath: m_LocalEulerAnglesHint.z
      value: 0
      objectReference: {fileID: 0}
    - target: {fileID: 3660145891581145090, guid: 87ed7475745ceeb45ba209d621135a32, type: 3}
      propertyPath: m_Name
      value: Shell Lower (2)
      objectReference: {fileID: 0}
    m_RemovedComponents: []
  m_SourcePrefab: {fileID: 100100000, guid: 87ed7475745ceeb45ba209d621135a32, type: 3}
--- !u!4 &6493304410607745943 stripped
Transform:
  m_CorrespondingSourceObject: {fileID: 2222344837633397246, guid: 87ed7475745ceeb45ba209d621135a32, type: 3}
  m_PrefabInstance: {fileID: 4957200055612189289}
  m_PrefabAsset: {fileID: 0}
--- !u!1001 &4957200055797030962
PrefabInstance:
  m_ObjectHideFlags: 0
  serializedVersion: 2
  m_Modification:
    m_TransformParent: {fileID: 7593666638380108955}
    m_Modifications:
    - target: {fileID: 5872024550371033115, guid: 1d58504c341228a46a8b8391be8b0121, type: 3}
      propertyPath: m_RootOrder
      value: 7
      objectReference: {fileID: 0}
    - target: {fileID: 5872024550371033115, guid: 1d58504c341228a46a8b8391be8b0121, type: 3}
      propertyPath: m_LocalPosition.x
      value: 0
      objectReference: {fileID: 0}
    - target: {fileID: 5872024550371033115, guid: 1d58504c341228a46a8b8391be8b0121, type: 3}
      propertyPath: m_LocalPosition.y
      value: 0
      objectReference: {fileID: 0}
    - target: {fileID: 5872024550371033115, guid: 1d58504c341228a46a8b8391be8b0121, type: 3}
      propertyPath: m_LocalPosition.z
      value: 0
      objectReference: {fileID: 0}
    - target: {fileID: 5872024550371033115, guid: 1d58504c341228a46a8b8391be8b0121, type: 3}
      propertyPath: m_LocalRotation.w
      value: 0.90959907
      objectReference: {fileID: 0}
    - target: {fileID: 5872024550371033115, guid: 1d58504c341228a46a8b8391be8b0121, type: 3}
      propertyPath: m_LocalRotation.x
      value: 0
      objectReference: {fileID: 0}
    - target: {fileID: 5872024550371033115, guid: 1d58504c341228a46a8b8391be8b0121, type: 3}
      propertyPath: m_LocalRotation.y
      value: -0.41548717
      objectReference: {fileID: 0}
    - target: {fileID: 5872024550371033115, guid: 1d58504c341228a46a8b8391be8b0121, type: 3}
      propertyPath: m_LocalRotation.z
      value: 0
      objectReference: {fileID: 0}
    - target: {fileID: 5872024550371033115, guid: 1d58504c341228a46a8b8391be8b0121, type: 3}
      propertyPath: m_LocalEulerAnglesHint.x
      value: 0
      objectReference: {fileID: 0}
    - target: {fileID: 5872024550371033115, guid: 1d58504c341228a46a8b8391be8b0121, type: 3}
      propertyPath: m_LocalEulerAnglesHint.y
      value: -49.1
      objectReference: {fileID: 0}
    - target: {fileID: 5872024550371033115, guid: 1d58504c341228a46a8b8391be8b0121, type: 3}
      propertyPath: m_LocalEulerAnglesHint.z
      value: 0
      objectReference: {fileID: 0}
    - target: {fileID: 9034703154372829671, guid: 1d58504c341228a46a8b8391be8b0121, type: 3}
      propertyPath: m_Name
      value: Shell Upper (6)
      objectReference: {fileID: 0}
    m_RemovedComponents: []
  m_SourcePrefab: {fileID: 100100000, guid: 1d58504c341228a46a8b8391be8b0121, type: 3}
--- !u!4 &1564468810690928681 stripped
Transform:
  m_CorrespondingSourceObject: {fileID: 5872024550371033115, guid: 1d58504c341228a46a8b8391be8b0121, type: 3}
  m_PrefabInstance: {fileID: 4957200055797030962}
  m_PrefabAsset: {fileID: 0}
--- !u!1001 &4957200055806319847
PrefabInstance:
  m_ObjectHideFlags: 0
  serializedVersion: 2
  m_Modification:
    m_TransformParent: {fileID: 7593666638380108955}
    m_Modifications:
    - target: {fileID: 2222344837633397246, guid: 87ed7475745ceeb45ba209d621135a32, type: 3}
      propertyPath: m_RootOrder
      value: 10
      objectReference: {fileID: 0}
    - target: {fileID: 2222344837633397246, guid: 87ed7475745ceeb45ba209d621135a32, type: 3}
      propertyPath: m_LocalPosition.x
      value: 0
      objectReference: {fileID: 0}
    - target: {fileID: 2222344837633397246, guid: 87ed7475745ceeb45ba209d621135a32, type: 3}
      propertyPath: m_LocalPosition.y
      value: 0
      objectReference: {fileID: 0}
    - target: {fileID: 2222344837633397246, guid: 87ed7475745ceeb45ba209d621135a32, type: 3}
      propertyPath: m_LocalPosition.z
      value: 0
      objectReference: {fileID: 0}
    - target: {fileID: 2222344837633397246, guid: 87ed7475745ceeb45ba209d621135a32, type: 3}
      propertyPath: m_LocalRotation.w
      value: 0.54097456
      objectReference: {fileID: 0}
    - target: {fileID: 2222344837633397246, guid: 87ed7475745ceeb45ba209d621135a32, type: 3}
      propertyPath: m_LocalRotation.x
      value: 0
      objectReference: {fileID: 0}
    - target: {fileID: 2222344837633397246, guid: 87ed7475745ceeb45ba209d621135a32, type: 3}
      propertyPath: m_LocalRotation.y
      value: 0.841039
      objectReference: {fileID: 0}
    - target: {fileID: 2222344837633397246, guid: 87ed7475745ceeb45ba209d621135a32, type: 3}
      propertyPath: m_LocalRotation.z
      value: 0
      objectReference: {fileID: 0}
    - target: {fileID: 2222344837633397246, guid: 87ed7475745ceeb45ba209d621135a32, type: 3}
      propertyPath: m_LocalEulerAnglesHint.x
      value: 0
      objectReference: {fileID: 0}
    - target: {fileID: 2222344837633397246, guid: 87ed7475745ceeb45ba209d621135a32, type: 3}
      propertyPath: m_LocalEulerAnglesHint.y
      value: 114.5
      objectReference: {fileID: 0}
    - target: {fileID: 2222344837633397246, guid: 87ed7475745ceeb45ba209d621135a32, type: 3}
      propertyPath: m_LocalEulerAnglesHint.z
      value: 0
      objectReference: {fileID: 0}
    - target: {fileID: 3660145891581145090, guid: 87ed7475745ceeb45ba209d621135a32, type: 3}
      propertyPath: m_Name
      value: Shell Lower (1)
      objectReference: {fileID: 0}
    m_RemovedComponents: []
  m_SourcePrefab: {fileID: 100100000, guid: 87ed7475745ceeb45ba209d621135a32, type: 3}
--- !u!4 &6493304410149358873 stripped
Transform:
  m_CorrespondingSourceObject: {fileID: 2222344837633397246, guid: 87ed7475745ceeb45ba209d621135a32, type: 3}
  m_PrefabInstance: {fileID: 4957200055806319847}
  m_PrefabAsset: {fileID: 0}
--- !u!1001 &4957200056119238494
PrefabInstance:
  m_ObjectHideFlags: 0
  serializedVersion: 2
  m_Modification:
    m_TransformParent: {fileID: 7593666638380108955}
    m_Modifications:
    - target: {fileID: 5872024550371033115, guid: 1d58504c341228a46a8b8391be8b0121, type: 3}
      propertyPath: m_RootOrder
      value: 5
      objectReference: {fileID: 0}
    - target: {fileID: 5872024550371033115, guid: 1d58504c341228a46a8b8391be8b0121, type: 3}
      propertyPath: m_LocalPosition.x
      value: 0
      objectReference: {fileID: 0}
    - target: {fileID: 5872024550371033115, guid: 1d58504c341228a46a8b8391be8b0121, type: 3}
      propertyPath: m_LocalPosition.y
      value: 0
      objectReference: {fileID: 0}
    - target: {fileID: 5872024550371033115, guid: 1d58504c341228a46a8b8391be8b0121, type: 3}
      propertyPath: m_LocalPosition.z
      value: 0
      objectReference: {fileID: 0}
    - target: {fileID: 5872024550371033115, guid: 1d58504c341228a46a8b8391be8b0121, type: 3}
      propertyPath: m_LocalRotation.w
      value: 0.98985946
      objectReference: {fileID: 0}
    - target: {fileID: 5872024550371033115, guid: 1d58504c341228a46a8b8391be8b0121, type: 3}
      propertyPath: m_LocalRotation.x
      value: 0
      objectReference: {fileID: 0}
    - target: {fileID: 5872024550371033115, guid: 1d58504c341228a46a8b8391be8b0121, type: 3}
      propertyPath: m_LocalRotation.y
      value: 0.14205022
      objectReference: {fileID: 0}
    - target: {fileID: 5872024550371033115, guid: 1d58504c341228a46a8b8391be8b0121, type: 3}
      propertyPath: m_LocalRotation.z
      value: 0
      objectReference: {fileID: 0}
    - target: {fileID: 5872024550371033115, guid: 1d58504c341228a46a8b8391be8b0121, type: 3}
      propertyPath: m_LocalEulerAnglesHint.x
      value: 0
      objectReference: {fileID: 0}
    - target: {fileID: 5872024550371033115, guid: 1d58504c341228a46a8b8391be8b0121, type: 3}
      propertyPath: m_LocalEulerAnglesHint.y
      value: 16.333
      objectReference: {fileID: 0}
    - target: {fileID: 5872024550371033115, guid: 1d58504c341228a46a8b8391be8b0121, type: 3}
      propertyPath: m_LocalEulerAnglesHint.z
      value: 0
      objectReference: {fileID: 0}
    - target: {fileID: 9034703154372829671, guid: 1d58504c341228a46a8b8391be8b0121, type: 3}
      propertyPath: m_Name
      value: Shell Upper (4)
      objectReference: {fileID: 0}
    m_RemovedComponents: []
  m_SourcePrefab: {fileID: 100100000, guid: 1d58504c341228a46a8b8391be8b0121, type: 3}
--- !u!4 &1564468811383807813 stripped
Transform:
  m_CorrespondingSourceObject: {fileID: 5872024550371033115, guid: 1d58504c341228a46a8b8391be8b0121, type: 3}
  m_PrefabInstance: {fileID: 4957200056119238494}
  m_PrefabAsset: {fileID: 0}
--- !u!1001 &4957200056434645343
PrefabInstance:
  m_ObjectHideFlags: 0
  serializedVersion: 2
  m_Modification:
    m_TransformParent: {fileID: 7593666638380108955}
    m_Modifications:
    - target: {fileID: 2222344837633397246, guid: 87ed7475745ceeb45ba209d621135a32, type: 3}
      propertyPath: m_RootOrder
      value: 12
      objectReference: {fileID: 0}
    - target: {fileID: 2222344837633397246, guid: 87ed7475745ceeb45ba209d621135a32, type: 3}
      propertyPath: m_LocalPosition.x
      value: 0
      objectReference: {fileID: 0}
    - target: {fileID: 2222344837633397246, guid: 87ed7475745ceeb45ba209d621135a32, type: 3}
      propertyPath: m_LocalPosition.y
      value: 0
      objectReference: {fileID: 0}
    - target: {fileID: 2222344837633397246, guid: 87ed7475745ceeb45ba209d621135a32, type: 3}
      propertyPath: m_LocalPosition.z
      value: 0
      objectReference: {fileID: 0}
    - target: {fileID: 2222344837633397246, guid: 87ed7475745ceeb45ba209d621135a32, type: 3}
      propertyPath: m_LocalRotation.w
      value: 0.90959907
      objectReference: {fileID: 0}
    - target: {fileID: 2222344837633397246, guid: 87ed7475745ceeb45ba209d621135a32, type: 3}
      propertyPath: m_LocalRotation.x
      value: 0
      objectReference: {fileID: 0}
    - target: {fileID: 2222344837633397246, guid: 87ed7475745ceeb45ba209d621135a32, type: 3}
      propertyPath: m_LocalRotation.y
      value: 0.41548708
      objectReference: {fileID: 0}
    - target: {fileID: 2222344837633397246, guid: 87ed7475745ceeb45ba209d621135a32, type: 3}
      propertyPath: m_LocalRotation.z
      value: 0
      objectReference: {fileID: 0}
    - target: {fileID: 2222344837633397246, guid: 87ed7475745ceeb45ba209d621135a32, type: 3}
      propertyPath: m_LocalEulerAnglesHint.x
      value: 0
      objectReference: {fileID: 0}
    - target: {fileID: 2222344837633397246, guid: 87ed7475745ceeb45ba209d621135a32, type: 3}
      propertyPath: m_LocalEulerAnglesHint.y
      value: 49.1
      objectReference: {fileID: 0}
    - target: {fileID: 2222344837633397246, guid: 87ed7475745ceeb45ba209d621135a32, type: 3}
      propertyPath: m_LocalEulerAnglesHint.z
      value: 0
      objectReference: {fileID: 0}
    - target: {fileID: 3660145891581145090, guid: 87ed7475745ceeb45ba209d621135a32, type: 3}
      propertyPath: m_Name
      value: Shell Lower (3)
      objectReference: {fileID: 0}
    m_RemovedComponents: []
  m_SourcePrefab: {fileID: 100100000, guid: 87ed7475745ceeb45ba209d621135a32, type: 3}
--- !u!4 &6493304409787369633 stripped
Transform:
  m_CorrespondingSourceObject: {fileID: 2222344837633397246, guid: 87ed7475745ceeb45ba209d621135a32, type: 3}
  m_PrefabInstance: {fileID: 4957200056434645343}
  m_PrefabAsset: {fileID: 0}
--- !u!1001 &4957200056527678697
PrefabInstance:
  m_ObjectHideFlags: 0
  serializedVersion: 2
  m_Modification:
    m_TransformParent: {fileID: 7593666638380108955}
    m_Modifications:
    - target: {fileID: 5872024550371033115, guid: 1d58504c341228a46a8b8391be8b0121, type: 3}
      propertyPath: m_RootOrder
      value: 8
      objectReference: {fileID: 0}
    - target: {fileID: 5872024550371033115, guid: 1d58504c341228a46a8b8391be8b0121, type: 3}
      propertyPath: m_LocalPosition.x
      value: 0
      objectReference: {fileID: 0}
    - target: {fileID: 5872024550371033115, guid: 1d58504c341228a46a8b8391be8b0121, type: 3}
      propertyPath: m_LocalPosition.y
      value: 0
      objectReference: {fileID: 0}
    - target: {fileID: 5872024550371033115, guid: 1d58504c341228a46a8b8391be8b0121, type: 3}
      propertyPath: m_LocalPosition.z
      value: 0
      objectReference: {fileID: 0}
    - target: {fileID: 5872024550371033115, guid: 1d58504c341228a46a8b8391be8b0121, type: 3}
      propertyPath: m_LocalRotation.w
      value: 0.7558535
      objectReference: {fileID: 0}
    - target: {fileID: 5872024550371033115, guid: 1d58504c341228a46a8b8391be8b0121, type: 3}
      propertyPath: m_LocalRotation.x
      value: 0
      objectReference: {fileID: 0}
    - target: {fileID: 5872024550371033115, guid: 1d58504c341228a46a8b8391be8b0121, type: 3}
      propertyPath: m_LocalRotation.y
      value: -0.6547408
      objectReference: {fileID: 0}
    - target: {fileID: 5872024550371033115, guid: 1d58504c341228a46a8b8391be8b0121, type: 3}
      propertyPath: m_LocalRotation.z
      value: 0
      objectReference: {fileID: 0}
    - target: {fileID: 5872024550371033115, guid: 1d58504c341228a46a8b8391be8b0121, type: 3}
      propertyPath: m_LocalEulerAnglesHint.x
      value: 0
      objectReference: {fileID: 0}
    - target: {fileID: 5872024550371033115, guid: 1d58504c341228a46a8b8391be8b0121, type: 3}
      propertyPath: m_LocalEulerAnglesHint.y
      value: -81.8
      objectReference: {fileID: 0}
    - target: {fileID: 5872024550371033115, guid: 1d58504c341228a46a8b8391be8b0121, type: 3}
      propertyPath: m_LocalEulerAnglesHint.z
      value: 0
      objectReference: {fileID: 0}
    - target: {fileID: 9034703154372829671, guid: 1d58504c341228a46a8b8391be8b0121, type: 3}
      propertyPath: m_Name
      value: Shell Upper (7)
      objectReference: {fileID: 0}
    m_RemovedComponents: []
  m_SourcePrefab: {fileID: 100100000, guid: 1d58504c341228a46a8b8391be8b0121, type: 3}
--- !u!4 &1564468812057537778 stripped
Transform:
  m_CorrespondingSourceObject: {fileID: 5872024550371033115, guid: 1d58504c341228a46a8b8391be8b0121, type: 3}
  m_PrefabInstance: {fileID: 4957200056527678697}
  m_PrefabAsset: {fileID: 0}
--- !u!1001 &4957200056882465193
PrefabInstance:
  m_ObjectHideFlags: 0
  serializedVersion: 2
  m_Modification:
    m_TransformParent: {fileID: 7593666638380108955}
    m_Modifications:
    - target: {fileID: 5872024550371033115, guid: 1d58504c341228a46a8b8391be8b0121, type: 3}
      propertyPath: m_RootOrder
      value: 4
      objectReference: {fileID: 0}
    - target: {fileID: 5872024550371033115, guid: 1d58504c341228a46a8b8391be8b0121, type: 3}
      propertyPath: m_LocalPosition.x
      value: 0
      objectReference: {fileID: 0}
    - target: {fileID: 5872024550371033115, guid: 1d58504c341228a46a8b8391be8b0121, type: 3}
      propertyPath: m_LocalPosition.y
      value: 0
      objectReference: {fileID: 0}
    - target: {fileID: 5872024550371033115, guid: 1d58504c341228a46a8b8391be8b0121, type: 3}
      propertyPath: m_LocalPosition.z
      value: 0
      objectReference: {fileID: 0}
    - target: {fileID: 5872024550371033115, guid: 1d58504c341228a46a8b8391be8b0121, type: 3}
      propertyPath: m_LocalRotation.w
      value: 0.90959907
      objectReference: {fileID: 0}
    - target: {fileID: 5872024550371033115, guid: 1d58504c341228a46a8b8391be8b0121, type: 3}
      propertyPath: m_LocalRotation.x
      value: 0
      objectReference: {fileID: 0}
    - target: {fileID: 5872024550371033115, guid: 1d58504c341228a46a8b8391be8b0121, type: 3}
      propertyPath: m_LocalRotation.y
      value: 0.41548708
      objectReference: {fileID: 0}
    - target: {fileID: 5872024550371033115, guid: 1d58504c341228a46a8b8391be8b0121, type: 3}
      propertyPath: m_LocalRotation.z
      value: 0
      objectReference: {fileID: 0}
    - target: {fileID: 5872024550371033115, guid: 1d58504c341228a46a8b8391be8b0121, type: 3}
      propertyPath: m_LocalEulerAnglesHint.x
      value: 0
      objectReference: {fileID: 0}
    - target: {fileID: 5872024550371033115, guid: 1d58504c341228a46a8b8391be8b0121, type: 3}
      propertyPath: m_LocalEulerAnglesHint.y
      value: 49.1
      objectReference: {fileID: 0}
    - target: {fileID: 5872024550371033115, guid: 1d58504c341228a46a8b8391be8b0121, type: 3}
      propertyPath: m_LocalEulerAnglesHint.z
      value: 0
      objectReference: {fileID: 0}
    - target: {fileID: 9034703154372829671, guid: 1d58504c341228a46a8b8391be8b0121, type: 3}
      propertyPath: m_Name
      value: Shell Upper (3)
      objectReference: {fileID: 0}
    m_RemovedComponents: []
  m_SourcePrefab: {fileID: 100100000, guid: 1d58504c341228a46a8b8391be8b0121, type: 3}
--- !u!4 &1564468811744905650 stripped
Transform:
  m_CorrespondingSourceObject: {fileID: 5872024550371033115, guid: 1d58504c341228a46a8b8391be8b0121, type: 3}
  m_PrefabInstance: {fileID: 4957200056882465193}
  m_PrefabAsset: {fileID: 0}
--- !u!1001 &4957200057013351391
PrefabInstance:
  m_ObjectHideFlags: 0
  serializedVersion: 2
  m_Modification:
    m_TransformParent: {fileID: 7593666638380108955}
    m_Modifications:
    - target: {fileID: 2222344837633397246, guid: 87ed7475745ceeb45ba209d621135a32, type: 3}
      propertyPath: m_RootOrder
      value: 16
      objectReference: {fileID: 0}
    - target: {fileID: 2222344837633397246, guid: 87ed7475745ceeb45ba209d621135a32, type: 3}
      propertyPath: m_LocalPosition.x
      value: 0
      objectReference: {fileID: 0}
    - target: {fileID: 2222344837633397246, guid: 87ed7475745ceeb45ba209d621135a32, type: 3}
      propertyPath: m_LocalPosition.y
      value: 0
      objectReference: {fileID: 0}
    - target: {fileID: 2222344837633397246, guid: 87ed7475745ceeb45ba209d621135a32, type: 3}
      propertyPath: m_LocalPosition.z
      value: 0
      objectReference: {fileID: 0}
    - target: {fileID: 2222344837633397246, guid: 87ed7475745ceeb45ba209d621135a32, type: 3}
      propertyPath: m_LocalRotation.w
      value: 0.7558535
      objectReference: {fileID: 0}
    - target: {fileID: 2222344837633397246, guid: 87ed7475745ceeb45ba209d621135a32, type: 3}
      propertyPath: m_LocalRotation.x
      value: 0
      objectReference: {fileID: 0}
    - target: {fileID: 2222344837633397246, guid: 87ed7475745ceeb45ba209d621135a32, type: 3}
      propertyPath: m_LocalRotation.y
      value: -0.6547408
      objectReference: {fileID: 0}
    - target: {fileID: 2222344837633397246, guid: 87ed7475745ceeb45ba209d621135a32, type: 3}
      propertyPath: m_LocalRotation.z
      value: 0
      objectReference: {fileID: 0}
    - target: {fileID: 2222344837633397246, guid: 87ed7475745ceeb45ba209d621135a32, type: 3}
      propertyPath: m_LocalEulerAnglesHint.x
      value: 0
      objectReference: {fileID: 0}
    - target: {fileID: 2222344837633397246, guid: 87ed7475745ceeb45ba209d621135a32, type: 3}
      propertyPath: m_LocalEulerAnglesHint.y
      value: -81.8
      objectReference: {fileID: 0}
    - target: {fileID: 2222344837633397246, guid: 87ed7475745ceeb45ba209d621135a32, type: 3}
      propertyPath: m_LocalEulerAnglesHint.z
      value: 0
      objectReference: {fileID: 0}
    - target: {fileID: 3660145891581145090, guid: 87ed7475745ceeb45ba209d621135a32, type: 3}
      propertyPath: m_Name
      value: Shell Lower (7)
      objectReference: {fileID: 0}
    m_RemovedComponents: []
  m_SourcePrefab: {fileID: 100100000, guid: 87ed7475745ceeb45ba209d621135a32, type: 3}
--- !u!4 &6493304409208676897 stripped
Transform:
  m_CorrespondingSourceObject: {fileID: 2222344837633397246, guid: 87ed7475745ceeb45ba209d621135a32, type: 3}
  m_PrefabInstance: {fileID: 4957200057013351391}
  m_PrefabAsset: {fileID: 0}
